@misc{androidDoc,
  key = {android},
  title = {Android Developers},
  note = {\url{https://developer.android.com}}
}
@misc{iosDoc,
  key = {ios},
  title = {{iOS} Developer},
  note = {\url{https://developer.apple.com}}
}
@book{AndroidGS,
    author    = "Sylvain HEBUTERNE, Sébastien PEROCHON",
    title     = "Android Guide de développement d'applications pour Smartphones et Tablettes 2ème édition",
    year      = "2014",
    publisher = "Expert IT"
}


@misc{androidShared,
  key = {androidShared},
  title = {{Android} SharedPrefrences},
  note = {\url{www.android-dev.fr/utilisation_des_shared_preferences}}
}
